
% Journals

% First the Full Name is given, then the abbreviation used in the AMS Math
% Reviews, with an indication if it could not be found there.
% Note the 2nd overwrites the 1st, so swap them if you want the full name.

 %{AMS}
 @String{AMSTrans = "American Mathematical Society Translations" }
 @String{AMSTrans = "Amer. Math. Soc. Transl." }
 @String{BullAMS = "Bulletin of the American Mathematical Society" }
 @String{BullAMS = "Bull. Amer. Math. Soc." }
 @String{ProcAMS = "Proceedings of the American Mathematical Society" }
 @String{ProcAMS = "Proc. Amer. Math. Soc." }
 @String{TransAMS = "Transactions of the American Mathematical Society" }
 @String{TransAMS = "Trans. Amer. Math. Soc." }

 %ACM
 @String{CACM = "Communications of the {ACM}" }
 @String{CACM = "Commun. {ACM}" }
 @String{CompServ = "Comput. Surveys" }
 @String{JACM = "J. ACM" }
 @String{ACMMathSoft = "{ACM} Transactions on Mathematical Software" }
 @String{ACMMathSoft = "{ACM} Trans. Math. Software" }
 @String{SIGNUM = "{ACM} {SIGNUM} Newsletter" }
 @String{SIGNUM = "{ACM} {SIGNUM} Newslett." }

 @String{AmerSocio = "American Journal of Sociology" }
 @String{AmerStatAssoc = "Journal of the American Statistical Association" }
 @String{AmerStatAssoc = "J. Amer. Statist. Assoc." }
 @String{ApplMathComp = "Applied Mathematics and Computation" }
 @String{ApplMathComp = "Appl. Math. Comput." }
 @String{AmerMathMonthly = "American Mathematical Monthly" }
 @String{AmerMathMonthly = "Amer. Math. Monthly" }
 @String{BIT = "{BIT}" }
 @String{BritStatPsych = "British Journal of Mathematical and Statistical
          Psychology" }
 @String{BritStatPsych = "Brit. J. Math. Statist. Psych." }
 @String{CanMathBull = "Canadian Mathematical Bulletin" }
 @String{CanMathBull = "Canad. Math. Bull." }
 @String{CompApplMath = "Journal of Computational and Applied Mathematics" }
 @String{CompApplMath = "J. Comput. Appl. Math." }
 @String{CompPhys = "Journal of Computational Physics" }
 @String{CompPhys = "J. Comput. Phys." }
 @String{CompStruct = "Computers and Structures" }
 @String{CompStruct = "Comput. \& Structures" }
 @String{CompJour = "The Computer Journal" }
 @String{CompJour = "Comput. J." }
 @String{CompSysSci = "Journal of Computer and System Sciences" }
 @String{CompSysSci = "J. Comput. System Sci." }
 @String{Computing = "Computing" }
 @String{ContempMath = "Contemporary Mathematics" }
 @String{ContempMath = "Contemp. Math." }
 @String{Crelle = "Crelle's Journal" }
 @String{GiornaleMath = "Giornale di Mathematiche" }
 @String{GiornaleMath = "Giorn. Mat." } % didn't find in AMS MR., ibid.

 %IEEE
 @String{Computer = "{IEEE} Computer" }
 @String{IEEETransComp = "{IEEE} Transactions on Computers" }
 @String{IEEETransComp = "{IEEE} Trans. Comput." }
 @String{IEEETransAC = "{IEEE} Transactions on Automatic Control" }
 @String{IEEETransAC = "{IEEE} Trans. Automat. Control" }
 @String{IEEESpec = "{IEEE} Spectrum" } % didn't find in AMS MR
 @String{ProcIEEE = "Proceedings of the {IEEE}" }
 @String{ProcIEEE = "Proc. {IEEE}" } % didn't find in AMS MR
 @String{IEEETransAeroElec = "{IEEE} Transactions on Aerospace and Electronic
     Systems" }
 @String{IEEETransAeroElec = "{IEEE} Trans. Aerospace Electron. Systems" }

 @String{IMANumerAna = "{IMA} Journal of Numerical Analysis" }
 @String{IMANumerAna = "{IMA} J. Numer. Anal." }
 @String{InfProcLet = "Information Processing Letters" }
 @String{InfProcLet = "Inform. Process. Lett." }
 @String{InstMathApp = "Journal of the Institute of Mathematics and
     its Applications" }
 @String{InstMathApp = "J. Inst. Math. Appl." }
 @String{IntControl = "International Journal of Control" }
 @String{IntControl = "Internat. J. Control" }
 @String{IntNumerEng = "International Journal for Numerical Methods in
     Engineering" }
 @String{IntNumerEng = "Internat. J. Numer. Methods Engrg." }
 @String{IntSuper = "International Journal of Supercomputing Applications" }
 @String{IntSuper = "Internat. J. Supercomputing Applic." } % didn't find
%% in AMS MR
 @String{Kibernetika = "Kibernetika" }
 @String{JResNatBurStand = "Journal of Research of the National Bureau
     of Standards" }
 @String{JResNatBurStand = "J. Res. Nat. Bur. Standards" }
 @String{LinAlgApp = "Linear Algebra and its Applications" }
 @String{LinAlgApp = "Linear Algebra Appl." }
 @String{MathAnaAppl = "Journal of Mathematical Analysis and Applications" }
 @String{MathAnaAppl = "J. Math. Anal. Appl." }
 @String{MathAnnalen = "Mathematische Annalen" }
 @String{MathAnnalen = "Math. Ann." }
 @String{MathPhys = "Journal of Mathematical Physics" }
 @String{MathPhys = "J. Math. Phys." }
 @String{MathComp = "Mathematics of Computation" }
 @String{MathComp = "Math. Comp." }
 @String{MathScand = "Mathematica Scandinavica" }
 @String{MathScand = "Math. Scand." }
 @String{TablesAidsComp = "Mathematical Tables and Other Aids to Computation" }
 @String{TablesAidsComp = "Math. Tables Aids Comput." }
 @String{NumerMath = "Numerische Mathematik" }
 @String{NumerMath = "Numer. Math." }
 @String{PacificMath = "Pacific Journal of Mathematics" }
 @String{PacificMath = "Pacific J. Math." }
 @String{ParDistComp = "Journal of Parallel and Distributed Computing" }
 @String{ParDistComp = "J. Parallel and Distrib. Comput." } % didn't find
%% in AMS MR
 @String{ParComputing = "Parallel Computing" }
 @String{ParComputing = "Parallel Comput." }
 @String{PhilMag = "Philosophical Magazine" }
 @String{PhilMag = "Philos. Mag." }
 @String{ProcNAS = "Proceedings of the National Academy of Sciences
                    of the USA" }
 @String{ProcNAS = "Proc. Nat. Acad. Sci. U. S. A." }
 @String{Psychometrika = "Psychometrika" }
 @String{QuartMath = "Quarterly Journal of Mathematics, Oxford, Series (2)" }
 @String{QuartMath = "Quart. J. Math. Oxford Ser. (2)" }
 @String{QuartApplMath = "Quarterly of Applied Mathematics" }
 @String{QuartApplMath = "Quart. Appl. Math." }
 @String{RevueInstStat = "Review of the International Statisical Institute" }
 @String{RevueInstStat = "Rev. Inst. Internat. Statist." }

 %SIAM
 @String{JSIAM = "Journal of the Society for Industrial and Applied
     Mathematics" }
 @String{JSIAM = "J. Soc. Indust. Appl. Math." }
 @String{JSIAMB = "Journal of the Society for Industrial and Applied
     Mathematics, Series B, Numerical Analysis" }
 @String{JSIAMB = "J. Soc. Indust. Appl. Math. Ser. B Numer. Anal." }
 @String{SIAMAlgMeth = "{SIAM} Journal on Algebraic and Discrete Methods" }
 @String{SIAMAlgMeth = "{SIAM} J. Algebraic Discrete Methods" }
 @String{SIAMAppMath = "{SIAM} Journal on Applied Mathematics" }
 @String{SIAMAppMath = "{SIAM} J. Appl. Math." }
 @String{SIAMComp = "{SIAM} Journal on Computing" }
 @String{SIAMComp = "{SIAM} J. Comput." }
 @String{SIAMMatrix = "{SIAM} Journal on Matrix Analysis and Applications" }
 @String{SIAMMatrix = "{SIAM} J. Matrix Anal. Appl." }
 @String{SIAMNumAnal = "{SIAM} Journal on Numerical Analysis" }
 @String{SIAMNumAnal = "{SIAM} J. Numer. Anal." }
 @String{SIAMReview = "{SIAM} Review" }
 @String{SIAMReview = "{SIAM} Rev." }
 @String{SIAMSciStat = "{SIAM} Journal on Scientific and Statistical
     Computing" }
 @String{SIAMSciStat = "{SIAM} J. Sci. Statist. Comput." }

 @String{SoftPracExp = "Software Practice and Experience" }
 @String{SoftPracExp = "Software Prac. Experience" } % didn't find in AMS MR
 @String{StatScience = "Statistical Science" }
 @String{StatScience = "Statist. Sci." }
 @String{Techno = "Technometrics" }
 @String{USSRCompMathPhys = "{USSR} Computational Mathematics and Mathematical
     Physics" }
 @String{USSRCompMathPhys = "{U. S. S. R.} Comput. Math. and Math. Phys." }
 @String{VLSICompSys = "Journal of {VLSI} and Computer Systems" }
 @String{VLSICompSys = "J. {VLSI} Comput. Syst." }
 @String{ZAngewMathMech = "Zeitschrift fur Angewandte Mathematik und
     Mechanik" }
 @String{ZAngewMathMech = "Z. Angew. Math. Mech." }
 @String{ZAngewMathPhys = "Zeitschrift fur Angewandte Mathematik und Physik" }
 @String{ZAngewMathPhys = "Z. Angew. Math. Phys." }

% Publishers % ================================================= |

 @String{Academic = "Academic Press" }
 @String{ACMPress = "{ACM} Press" }
 @String{AdamHilger = "Adam Hilger" }
 @String{AddisonWesley = "Addison-Wesley" }
 @String{AllynBacon = "Allyn and Bacon" }
 @String{AMS = "American Mathematical Society" }
 @String{Birkhauser = "Birkha{\"u}ser" }
 @String{CambridgePress = "Cambridge University Press" }
 @String{Chelsea = "Chelsea" }
 @String{ClaredonPress = "Claredon Press" }
 @String{DoverPub = "Dover Publications" }
 @String{Eyolles = "Eyolles" }
 @String{HoltRinehartWinston = "Holt, Rinehart and Winston" }
 @String{Interscience = "Interscience" }
 @String{JohnsHopkinsPress = "The Johns Hopkins University Press" }
 @String{JohnWileySons = "John Wiley and Sons" }
 @String{Macmillan = "Macmillan" }
 @String{MathWorks = "The Math Works Inc." }
 @String{McGrawHill = "McGraw-Hill" }
 @String{NatBurStd = "National Bureau of Standards" }
 @String{NorthHolland = "North-Holland" }
 @String{OxfordPress = "Oxford University Press" }  %address Oxford or London?
 @String{PergamonPress = "Pergamon Press" }
 @String{PlenumPress = "Plenum Press" }
 @String{PrenticeHall = "Prentice-Hall" }
 @String{SIAMPub = "{SIAM} Publications" }
 @String{Springer = "Springer-Verlag" }
 @String{TexasPress = "University of Texas Press" }
 @String{VanNostrand = "Van Nostrand" }
 @String{WHFreeman = "W. H. Freeman and Co." }

%Entries
@Article{Schnall16,
  author        = "Rebecca Schnall and Marlene Rojas and Suzanne Bakken and William Brown and Alex Carballo-Dieguez and Monique Carry and Deborah Gelaude and J. P. Mosley and Jasmine Travers",
  title         = "A user-centered model for designing consumer mobile health (mHealth) applications (apps)",
  journal       = "Journal of Biomedical Informatics",
  volume        = "60",
  year          = "2016",
  pages         = "243--251",
  doi           = "10.1016/j.jbi.2016.02.002",
}

@Article{Kazdin17,
  author        = "Alan E. Kazdin",
  title         = "Addressing the treatment gap: A key challenge for extending evidence-based psychosocial interventions",
  journal       = "Behaviour Research and Therapy",
  volume        = "88",
  year          = "2017",
  pages         = "7--18",
  doi           = "10.1016/j.brat.2016.06.004",
}

@Article{Borghouts21,
  author        = "Jelle Borghouts and Elizabeth Eikey and Gloria Mark and Claire De Leon and Stephen M. Schueller and Matthew Schneider and Nicole Stadnick and Kai Zheng and Dana Mukamel and David H. Sorkin",
  title         = "Barriers to and facilitators of user engagement with digital mental health interventions: Systematic review",
  journal       = "Journal of Medical Internet Research",
  volume        = "23",
  number        = "2",
  year          = "2021",
  pages         = "e24387",
  doi           = "10.2196/24387",
}

@Misc{AppUninstall,
  author        = "{Localytics}",
  title         = "App uninstall statistics 2019: 25\% app abandonment",
  year          = "n.d.",
  howpublished  = "\url{https://uplandsoftware.com/localytics/resources/blog/25-of-users-abandon-apps-after-one-use/}",
  note          = "Accessed March 17, 2024",
}

@Article{Torous18,
  author        = "John Torous and Jennifer Nicholas and Mark E. Larsen and Joseph Firth and Helen Christensen",
  title         = "Clinical review of user engagement with mental health smartphone apps: Evidence, theory and improvements",
  journal       = "BMJ Mental Health",
  volume        = "21",
  year          = "2018",
  pages         = "116--119",
  doi           = "10.1136/eb-2018-102891",
}

@Article{Bitrian21,
  author        = "Pablo Bitrián and Isabel Buil and Sergio Catalán",
  title         = "Enhancing user engagement: The role of gamification in mobile apps",
  journal       = "Journal of Business Research",
  volume        = "132",
  year          = "2021",
  pages         = "170--185",
  doi           = "10.1016/j.jbusres.2021.04.028",
}

@Article{Six21,
  author        = "Sylvain G. Six and Katherine A. Byrne and Tristen P. Tibbett and Irene Pericot-Valverde",
  title         = "Examining the effectiveness of gamification in mental health apps for depression: Systematic review and meta-analysis",
  journal       = "JMIR Mental Health",
  volume        = "8",
  year          = "2021",
  pages         = "e32199",
  doi           = "10.2196/32199",
}

@Article{Badawi23,
  author        = "Eman Badawi and Constantinos K. Coursaris and Sylvain Sénécal and Pierre-Marcel Léger",
  title         = "Facilitating engagement of universal school-based digital mental health solutions through user experience: A qualitative exploration",
  journal       = "Frontiers in Digital Health",
  volume        = "5",
  year          = "2023",
  doi           = "10.3389/fdgth.2023.1040739",
}

@Article{Auf21,
  author        = "Heribert Auf and Johannes Dagman and Stefan Renström and John Chaplin",
  title         = "Gamification and nudging techniques for improving user engagement in mental health and well-being apps",
  journal       = "Proceedings of the Design Society",
  volume        = "1",
  year          = "2021",
  pages         = "1647--1656",
  doi           = "10.1017/pds.2021.426",
}

@Article{Edwards16,
  author        = "Emily A. Edwards and Jo Lumsden and Carol Rivas and Liz Steed and Louisa A. Edwards and Arune Thiyagarajan and Ratna Sohanpal and Hope Caton and Chris J. Griffiths and Marcus R. Munafò and Stephanie Taylor and Robert T. Walton",
  title         = "Gamification for health promotion: Systematic review of behaviour change techniques in smartphone apps",
  journal       = "BMJ Open",
  volume        = "6",
  year          = "2016",
  pages         = "e012447",
  doi           = "10.1136/bmjopen-2016-012447",
}

@Article{Cheng19,
  author        = "Vincent W. S. Cheng and Tracey Davenport and Derek Johnson and Karen Vella and Ian B. Hickie",
  title         = "Gamification in apps and technologies for improving mental health and well-being: Systematic review",
  journal       = "JMIR Mental Health",
  volume        = "6",
  year          = "2019",
  pages         = "e13717",
  doi           = "10.2196/13717",
}

@Article{Vial22,
  author        = "Sébastien Vial and Soufiane Boudhraâ and Mathieu Dumont",
  title         = "Human-centered design approaches in digital mental health interventions: Exploratory mapping review",
  journal       = "JMIR Mental Health",
  volume        = "9",
  year          = "2022",
  pages         = "e35591",
  doi           = "10.2196/35591",
}

@Article{Robson15,
  author        = "Karen Robson and Kirk Plangger and Jan H. Kietzmann and Ian McCarthy and Leyland Pitt",
  title         = "Is it all a game? Understanding the principles of gamification",
  journal       = "Business Horizons",
  volume        = "58",
  year          = "2015",
  pages         = "411--420",
  doi           = "10.1016/j.bushor.2015.03.006",
}

@Article{Garg19,
  author        = "Kanika Garg and Channaveerachari Naveen Kumar and Prabha S. Chandra",
  title         = "Number of psychiatrists in India: Baby steps forward, but a long way to go",
  journal       = "Indian Journal of Psychiatry",
  volume        = "61",
  year          = "2019",
  pages         = "104",
  doi           = "10.4103/psychiatry.IndianJPsychiatry_7_18",
}

@Article{Baumel19,
  author        = "Amit Baumel and Frederick Muench and Sivan Edan and John M. Kane",
  title         = "Objective user engagement with mental health apps: Systematic search and panel-based usage analysis",
  journal       = "Journal of Medical Internet Research",
  volume        = "21",
  year          = "2019",
  pages         = "e14567",
  doi           = "10.2196/14567",
}

@Article{Chan17,
  author        = "Yu-Feng Yvonne Chan and Paul Wang and Lynn Rogers and Nicole Tignor and Micol Zweig and Steven G. Hershman and Nicholas Genes and E. R. Scott and Eric Krock and Marcus Badgeley and Ron Edgar and Samantha Violante and Robert Wright and Charles A. Powell and Joel T. Dudley and Eric E. Schadt",
  title         = "The asthma mobile health study, a large-scale clinical observational study using ResearchKit",
  journal       = "Nature Biotechnology",
  volume        = "35",
  year          = "2017",
  pages         = "354--362",
  doi           = "10.1038/nbt.3826",
}

@Article{Eysenbach05,
  author        = "Gunther Eysenbach",
  title         = "The law of attrition",
  journal       = "Journal of Medical Internet Research",
  volume        = "7",
  year          = "2005",
  pages         = "e402",
  doi           = "10.2196/jmir.7.1.e11",
}

@Article{Christensen06,
  author        = "Helen Christensen and Andrew Mackinnon",
  title         = "The law of attrition revisited",
  journal       = "Journal of Medical Internet Research",
  volume        = "8",
  year          = "2006",
  pages         = "e20",
  doi           = "10.2196/jmir.8.3.e20",
}

@Article{Thirunavukarasu10,
  author        = "M. Thirunavukarasu and P. Thirunavukarasu",
  title         = "Training and national deficit of psychiatrists in India - A critical analysis",
  journal       = "Indian Journal of Psychiatry",
  volume        = "52",
  year          = "2010",
  pages         = "S83--88",
  doi           = "10.4103/0019-5545.69218",
}

@misc{WHOmentalhealth,
  title         = "Mental health",
  year          = "n.d.",
  howpublished  = "\url{https://www.who.int/news-room/fact-sheets/detail/mental-health-strengthening-our-response}",
  note          = "Accessed March 12, 2024",
}

@article{Gautham2020,
  author        = {Gautham, M. S. and Gururaj, G. and Varghese, Mathew and Benegal, Vivek and Rao, Girish N. and Kokane, Amit and Chavan, B. S. and Dalal, P. K. and Ram, D. and Pathak, Kavita and Lenin Singh, R. K. and Singh, L. K. and Sharma, Praveen and Saha, Prakriti K. and Ramasubramanian, Chellamuthu and Mehta, Rajesh Y. and Shibukumar, T. M. and Deuri, S. P. and Krishnatreya, Manigreeva and Gogoi, Varsha and Sobhana, H. and Sengupta, S. and Banerjee, Ishita and Sharma, Saurabh and Giri, A. K. and Kavishvar, A. B. and Dave, K. R. and Chauhan, N. T. and Sinha, V. K. and Goyal, Nitin and Thavody, J. and Anish, P. and Bina, T. and Pakhare, A. P. and Mittal, P. and Ray, S. and Chatterji, R. and Akoijam, B. S. and Singh, H. and Gojendro and Kayina, P. and Singh, L. R. and Das, S. and Puri, S. and Garg, R. and Kashyap, A. and Satija, Y. and Gaur, K. and Sharma, D. and Sathish, R. and Selvi, M. and Krishnaraj and Singh, S. and Agarwal, V. and Sharma, E. and Kar, S. K. and Misra, R. and Neogi, R. and Sinha, D. and Saha, S. and Halder, A. and Aravind, B. and Amudhan, R. S. and Banandur, S. P. and Subbakrishna, D. and Marimuthu, T. P. and Kumar, B. B. and Jain, S. and Reddy, Y. J. and Jagadisha, T. and Sivakumar, P. and Chand, P. K. and Muralidharan, K. and Reddi, S. and Kumar, C. N. and Prasad, M. K. and Jaisoorya, T. and Janardhanan, C. and Sharma, M. P. and Suman, L. and Paulomi, S. and Kumar, K. and Sharma, M. K. and Manjula, M. and Bhola, P. and Roopesh, B. and Kishore, M. T. and Veena, S. and Mary, K. A. R. and Anand, N. and Srinath, S. and Girimaji, S. C. and Vijayasagar, K. J. and Kasi, S. and Muralidhar, D. and Pandian, R. D. and Hamza, A. and Janardhana, N. and Raj, E. A. and Majhi, G.},
  title         = {The National Mental Health Survey of India (2016): Prevalence, socio-demographic correlates and treatment gap of mental morbidity},
  journal       = {International Journal of Social Psychiatry},
  volume        = {66},
  year          = {2020},
  pages         = {361--372},
  doi           = {10.1177/0020764020907941},
}

@article{Balcombe2022,
  author        = {Balcombe, Lucy and De Leo, Diego},
  title         = {Human-Computer Interaction in Digital Mental Health},
  journal       = {Informatics},
  volume        = {9},
  year          = {2022},
  pages         = {14},
  doi           = {10.3390/informatics9010014},
}

@misc{IGIGlobal,
  title         = "Factors Driving Consumer Engagement and Intentions with Gamification of Mobile Apps: Business \& Management Journal Article",
  year          = "n.d.",
  howpublished  = "\url{https://www.igi-global.com/article/factors-driving-consumer-engagement-and-intentions-with-gamification-of-mobile-apps/247416}",
  note          = "Accessed March 17, 2024",
}
